@book{hertz1999introduction,
	author = "John A. Hertz and Anders S. Krogh and Richard G. Palmer",
	keywords = "neural-networks; spin-glasses; statistical-mechanics; statistical-physics; machine-learning",
	publisher = "Taylor \& Francis Group, Boca Raton London New York",
	title = "{Introduction To The Theory Of Neural Computation}",
	year = "1999"
}
